@misc{h2osite,
        author = {H2O.ai Team},
        title = {\textbf{H2O website}},
        journal = {H2O.ai},
	url = {http://h2o.ai},
	year = {\the\year}
}

@misc{h2odocs,
        author = {H2O.ai Team},
        title = {\textbf{H2O documentation}},        
        url = {http://docs.h2o.ai},
	year = {\the\year}
}

@misc{h2ogithubrepo,
        author = {H2O.ai Team},
        title = {\textbf{H2O GitHub Repository}},
        url = {https://github.com/h2oai},
	year = {\the\year}
}

@misc{h2odatasets,
        author = {H2O.ai Team},
        title = {\textbf{H2O Datasets}},
        url = {http://data.h2o.ai},
	year = {\the\year}
}

@misc{h2ojira,
        author = {H2O.ai Team},
        title = {\textbf{H2O JIRA}},
        url = {https://jira.h2o.ai},
	year = {\the\year}
}

@online{rdocs,
        author = {H2O.ai Team},
        title = {\textbf{H2O R Package Documentation}},
        url = {http://h2o-release.s3.amazonaws.com/h2o/latest_stable_Rdoc.html}, 
	year = {\the\year}
}

@misc{stream,
        author = {H2O.ai Team},
        title = {\textbf{H2Ostream}},
        url = {https://groups.google.com/d/forum/h2ostream},
	year = {\the\year}
}
